# This file is Tomm A Pirinen's publications (may not be up to date)
# Using google scholar style citation names (authoryeartitle)
# Sorted by year (not accurate to date)
# Find up-to-date data on Google scholar by searching Tommi Pirinen!

@inproceedings{drobac2014heuristic,
  title={Heuristic hyper-minimization of finite state lexicons},
  author={Drobac, Senka and Lind{\'e}n, Krister and Pirinen, Tommi and Silfverberg, Miikka and others},
  booktitle={Proceedings of the Ninth International Conference on Language Resources and Evaluation (LREC'14)},
  year={2014}
}

@inproceedings{johnson2017north,
  title={North-S{\'a}mi to Finnish rule-based machine translation system},
  author={Johnson, Ryan and Pirinen, Tommi A and Puolakainen, Tiina and
      Tyers, Francis and Trosterud, Trond and Unhammer, Kevin},
  booktitle={Proceedings of the 21st Nordic Conference on
      Computational Linguistics, NoDaLiDa, 22-24 May 2017, Gothenburg, Sweden},
  number={131},
  pages={115--122},
  year={2017},
  organization={Link{\"o}ping University Electronic Press}
}

@article{linden2009hfst,
  title={HFST Tools for Morphology--An Efficient Open-Source Package for
      Construction of Morphological Analyzers},
  author={Lind{\'e}n, Krister and Silfverberg, Miikka and Pirinen, Tommi},
  journal={State of the Art in Computational Morphology},
  pages={28--47},
  year={2009},
  publisher={Springer}
}


@inproceedings{linden2009weighting,
  title={Weighting finite-state morphological analyzers using hfst tools},
  author={Lind{\'e}n, Krister and Pirinen, Tommi and others},
  booktitle={Finite-State Methods and Natural Language Processing-FSMNLP
      2009 Eight International Workshop},
  year={2009}
}

@article{linden2009weighted,
  title={Weighted Finite-State Morphological Analysis of Finnish Inflection and
      Compounding},
  author={Lind{\'e}n, Krister and Pirinen, Tommi},
  journal={Proceedings of Nodalida 2009},
  year={2009},
  publisher={NEALT}
}

@inproceedings{linden2011hfst,
  title={Hfst—framework for compiling and applying morphologies},
  author={Lind{\'e}n, Krister and Axelson, Erik and Hardwick, Sam and
      Pirinen, Tommi A and Silfverberg, Miikka},
  booktitle={International Workshop on Systems and Frameworks for
      Computational Morphology},
  pages={67--85},
  year={2011},
  organization={Springer Berlin Heidelberg}
}

@inproceedings{linden2013hfst,
  title={HFST—a system for creating NLP tools},
  author={Lind{\'e}n, Krister and Axelson, Erik and Drobac, Senka and
      Hardwick, Sam and Kuokkala, Juha and Niemi, Jyrki and
        Pirinen, Tommi A and Silfverberg, Miikka},
  booktitle={International Workshop on Systems and Frameworks
      for Computational Morphology},
  pages={53--71},
  year={2013},
  organization={Springer Berlin Heidelberg}
}

@incollection{linden2013using,
  title={Using hfst for creating computational linguistic applications},
  author={Lind{\'e}n, Krister and Axelson, Erik and Drobac, Senka and Hardwick,
      Sam and Silfverberg, Miikka and Pirinen, Tommi A},
  booktitle={Computational Linguistics},
  pages={3--25},
  year={2013},
  publisher={Springer Berlin Heidelberg}
}

@article{ljubevsic2016finnish,
  title={Finnish web corpus fiWaC 1.0},
  author={Ljube{\v{s}}i{\'c}, Nikola and Pirinen, Tommi and Toral, Antonio},
  year={2016},
  publisher={Jo{\v{z}}ef Stefan Institute}
}

@inproceedings{moshagen2013building,
  title={Building an open-source development infrastructure for
      language technology projects},
  author={Moshagen, Sjur N and Pirinen, Tommi A and Trosterud, Trond},
  booktitle={Proceedings of the 19th Nordic Conference of
      Computational Linguistics (NODALIDA 2013)},
  volume={16},
  pages={22--24},
  year={2013}
}

@inproceedings{moshagen2013building,
  title={Building an open-source development infrastructure for
      language technology projects},
  author={Moshagen, Sjur N and Pirinen, Tommi A and Trosterud, Trond},
  booktitle={Proceedings of the 19th Nordic Conference of Computational
      Linguistics (NODALIDA 2013); May 22-24; 2013; Oslo University;
      Norway. NEALT Proceedings Series 16},
  number={085},
  pages={343--352},
  year={2013},
  organization={Link{\"o}ping University Electronic Press}
}

@inproceedings{moshagenopen,
  title={Open-Source Infrastructures for Collaborative Work
      on Under-Resourced Languages},
  author={Moshagen, Sjur and Rueter, Jack and Pirinen, Tommi and
      Trosterud, Trond and Tyers, Francis M},
  booktitle={Proceedings of e Ninth International Conference on
      Language Resources and Evaluation, LREC},
  pages={71--77}
}

@phdthesis{pirinen2008suomen,
  title={Suomen kielen {\"a}{\"a}rellistilainen automaattinen
      morfologinen j{\"a}sennin avoimen l{\"a}hdekoodin resurssein},
  author={Pirinen, Tommi},
  year={2008},
  school={Master’s thesis, University of Helsinki}
}

@phdthesis{pirinen2008suomen,
  title={Suomen kielen {\"a}{\"a}rellistilainen automaattinen
      morfologinen analyysi avoimen l{\"a}hdekoodin menetelmin},
  author={Pirinen, Tommi},
  year={2008},
  school={Master’s thesis, Helsingin yliopisto}
}

@inproceedings{pirinen2010finite,
  title={Finite-state spell-checking with weighted language and error models},
  author={Pirinen, Tommi and Lind{\'e}n, Krister and others},
  booktitle={Proceedings of LREC 2010 Workshop on Creation and use of
      basic lexical resources for less-resourced languages},
  year={2010}
}

@inproceedings{pirinen2010building,
  title={Building and using existing hunspell dictionaries and TEX hyphenators
      as finite-state automata},
  author={Pirinen, Tommi A and Lind{\'e}n, Krister},
  booktitle={Computer Science and Information Technology (IMCSIT),
      Proceedings of the 2010 International Multiconference on},
  pages={477--484},
  year={2010},
  organization={IEEE}
}

@article{pirinen2010creating,
  title={Creating and weighting hunspell dictionaries as finite-state automata},
  author={Pirinen, Tommi A and Lind{\'e}n, Krister and others},
  journal={Investigationes Linguisticae},
  volume={21},
  pages={1--16},
  year={2010}
}

@misc{pirinen2011open,
  title={Open Source Finnish Morphology (OMorFi).
      Department of Modern Languages, University of Helsinki},
  author={Pirinen, Tommi},
  year={2011}
}
@inproceedings{pirinen2011modularisation,
  title={Modularisation of finnish finite-state language description—towards
      wide collaboration in open source development of a morphological analyser},
  author={Pirinen, Tommi A},
  booktitle={Proceedings of the 18th Nordic Conference of Computational
      Linguistics (NODALIDA)},
  pages={299--302},
  year={2011}
}


@inproceedings{pirinen2012effects,
  title={Effects of weighted finite-state language and error models
      on speed and efficiency of finite-state spell-checking},
  author={Pirinen, Tommi A and Hardwick, Sam},
  booktitle={Preproceedings of the 10th International Workshop
      on Finite State Methods and Natural Language Processing FSMNLP},
  pages={6--14},
  year={2012}
}

@inproceedings{pirinen2012improving,
  title={Improving finite-state spell-checker suggestions with
      part of speech n-grams},
  author={Pirinen, Tommi and Silfverberg, Miikka and Linden, Krister and others},
  booktitle={Computational Linguistics and Intelligent Text Processing 13th
      International Conference, CICLing 2012},
  year={2012}
}

@article{pirinen2012compiling,
  title={Compiling Apertium morphological dictionaries with HFST and using
      them in HFST applications},
  author={Pirinen, Tommi A and Tyers, Francis M},
  journal={Language Technology for Normalisation of Less-Resourced Languages},
  pages={25},
  year={2012}
}

@inproceedings{pirinen2012effect,
  title={Effect of language and error models on efficiency of
      finite-state spell-checking and correction},
  author={Pirinen, Tommi A and Hardwick, Sam},
  booktitle={Proceedings of the 10th International Workshop on
      Finite State Methods and Natural Language Processing},
  pages={1--9},
  year={2012}
}


@article{pirinen2014weighted,
  title={Weighted Finite-State Methods for Spell-Checking and Correction},
  author={Pirinen, Tommi and others},
  year={2014},
  publisher={Helsingin yliopisto}
}

@inproceedings{pirinen2014state,
  title={State-of-the-art in weighted finite-state spell-checking},
  author={Pirinen, Tommi and Lind{\'e}n, Krister and others},
  booktitle={Computational Linguistics and Intelligent Text Processing 15th
      International Conference, CICLing 2014, Kathmandu, Nepal, April 6-12,
      2014, Proceedings, Part II},
  year={2014}
}


@inproceedings{pirinen2015using,
  title={Using weighted finite state morphology with VISL CG-3-Some
      experiments with free open source Finnish resources},
  author={Pirinen, Tommi A},
  booktitle={Proceedings of the Workshop on
      “Constraint Grammar-methods, tools and applications” at
        NODALIDA 2015, May 11-13, 2015, Institute of the Lithuanian Language,
      Vilnius, Lithuania},
  number={113},
  pages={29--33},
  year={2015},
  organization={Link{\"o}ping University Electronic Press}
}

@inproceedings{pirinen2015omorfi,
  title={Omorfi—Free and open source morphological lexical database for Finnish},
  author={Pirinen, Tommi A},
  booktitle={Nordic Conference of Computational Linguistics NODALIDA 2015},
  pages={313},
  year={2015}
}

@inproceedings{pirinen2015organisers,
  title={Organisers},
  author={Pirinen, Tommi A and Tyers, Francis M and Trosterud, Trond},
  booktitle={Septentrio Conference Series},
  number={2},
  year={2015}
}


@article{pirinen2015development,
  title={Development and Use of Computational Morphology of Finnish
      in the Open Source and Open Science Era:
        Notes on Experiences with Omorfi Development.},
  author={Pirinen, Tommi A},
  journal={SKY Journal of Linguistics},
  volume={28},
  year={2015}
}
@inproceedings{pirinen2010finite,
  title={Finite-State Spell-Checking with Weighted Language and
      Error Models—Building and Evaluating Spell-Checkers
        with Wikipedia as Corpus},
  author={Pirinen, Tommi A and Lind{\'e}n, Krister},
  booktitle={7th SaLTMiL Workshop on Creation and use of basic lexical
      resources for less-resourced languages LREC 2010, Valetta, Malta, 23 May 2010 Workshop programme},
  pages={13}
}

@article{pirinen2016report,
  title={Report on the Second International Workshop on
      Computational Linguistics for Uralic Languages},
  author={Pirinen, Tommi A and Simon, Eszter and Tyers, Francis M and
      Vincze, Veronika},
  journal={FINNO-UGRIC LANGAUGES AND LINGUISTICS},
  volume={5},
  number={1},
  pages={1--5},
  year={2016},
  publisher={P{\'a}zm{\'a}ny P{\'e}ter Catholic University, Faculty of Social}
}

@inproceedings{pirinen2016rule,
  title={Rule-Based and Statistical Morph Segments in English-to-Finnish SMT},
  author={Pirinen, Tommi A and Toral, Antonio and Rubino, Raphael},
  booktitle={Proceedings of the 2nd International Workshop on Computational
      Linguistics for Uralic Languages, Szeged, Hungary},
  year={2016}
}

@misc{pirinen2016proceedings,
  title={Proceedings of the Second International Workshop on
      Computational Linguistics for Uralic Languages},
  author={Pirinen, Tommi A and Simon, Eszter and Tyers, Francis M and
      Vincze, Veronika},
  year={2016},
  publisher={Szegedi Tudom{\'a}nyegyetem}
}

@article{pirinen2017foreword,
  title={Foreword to the Special Issue on Uralic Languages},
  author={Pirinen, Tommi A and Trosterud, Trond and Tyers, Francis M and
      Vincze, Veronika and Simon, Eszter and Rueter, Jack},
  year={2017}
}

@misc{pirinen2018rulebased,
    author = {Tommi A Pirinen},
    year = {2018},
    title = {Rule-based machine-translation between Finnish and German},
    booktitle = {DGfS 2018: 40. Jahrestagung der Deutschen Gesellschaft für
        Sprachwissenschaft},
    url =
    {https://www.dgfs2018.uni-stuttgart.de/DGfS_2018_booklet_ONLINE_FINAL.pdf},
    pages = {337}
}

@inproceedings{pirinen2019neural,
  title={Neural and rule-based Finnish NLP models---expectations, experiments and experiences},
  author={Pirinen, Tommi A},
  booktitle={Proceedings of the Fifth International Workshop on Computational Linguistics for Uralic Languages},
  pages={104--114},
  year={2019}
}

@inproceedings{rubino2015abu,
  title={Abu-MaTran at WMT 2015 Translation Task:
      Morphological Segmentation and Web Crawling},
  author={Rubino, Raphael and Pirinen, Tommi and Espla-Gomis, Miquel and
      Ljube{\v{s}}ic, N and Ortiz Rojas, Sergio and Papavassiliou, Vassilis and
        Prokopidis, Prokopis and Toral, Antonio},
  booktitle={Proceedings of the Tenth Workshop on Statistical Machine Translation},
  pages={184--191},
  year={2015}
}

@article{silfverberg2011improving,
  title={Improving Predictive Entry of Finnish Text Messages using IRC Logs},
  author={Silfverberg, Miikka and Hyv{\"a}rinen, Mirka and Pirinen, Tommi},
  journal={def},
  volume={1},
  number={2},
  pages={4},
  year={2011}
}


@inproceedings{toral2014extrinsic,
  title={Extrinsic Evaluation of Web-Crawlers in Machine Translation:
      a Case Study on Croatian--English for the Tourism Domain},
  author={Toral, Antonio and Rubino, Raphael and Espl{\`a}-Gomis, Miquel and
      Pirinen, Tommi and Way, Andy and Ramirez-Sanchez, Gema},
  booktitle={Proceedings of the 17th Conference of the European Association
      for Machine Translation (EAMT)},
  pages={221--224},
  year={2014}
}



@inproceedings{toral2015dublin,
  title={Dublin City University at the TweetMT 2015 Shared Task.},
  author={Toral, Antonio and Wu, Xiaofeng and Pirinen, Tommi A and
      Qiu, Zhengwei and Bicici, Ergun and Du, Jinhua},
  booktitle={TweetMT@ SEPLN},
  pages={33--39},
  year={2015}
}

@article{toral2015automatic,
  title={Automatic Acquisition of Machine Translation Resources in
      the Abu-MaTran Project},
  author={Toral, Antonio and Pirinen, Tommi and
      Way, Andy and Rubino, Rapha{\"e}l and Ram{\'\i}rez S{\'a}nchez, Gema and
        Ortiz Rojas, Sergio and S{\'a}nchez-Cartagena, V{\'\i}ctor M and
        Ferr{\'a}ndez-Tordera, Jorge and Forcada, Mikel L and
        Espla-Gomis, Miquel and others},
  year={2015},
  publisher={Sociedad Espa{\~n}ola para el Procesamiento del Lenguaje Natural}
}

@article{tyersintermediate,
  title={Intermediate representation in rule-based machine translation
      for the Uralic languages},
  author={Tyers, Francis M and Pirinen, Tommi A}
}


@article{pirinen2017developing,
    title={Developing a {CLARIN} compatible {AAI} solution for academic and
        restricted resources},
    author={Pirinen, Tommi A and Jettka, Daniel and Hedeland Hanna},
    booktitle={CLARIN2017 Book of Abstracts},
    location={Budapest, Hungary},
}
