@inproceedings{Samanta2013,
  title={A simple real-word error detection and correction using local word bigram and trigram},
  author={Pratip Samanta and Bidyut Baran Chaudhuri},
  booktitle={Proceedings of the Twenty-Fifth Conference on Computational Linguistics and Speech Processing (ROCLING)},
  year={2013}
}

@inproceedings{WilcoxOHearn2008,
  title={Real-Word Spelling Correction with Trigrams: A Reconsideration of the Mays, Damerau, and Mercer Model},
  author={L. Amber Wilcox-O'Hearn and Graeme Hirst and Alexander Budanitsky},
  booktitle={Proceedings of International Conference on Intelligent Text Processing and Computational Linguistics (CICLing)},
  pages = {605--616},
  year={2008}
}

%check inbook vs. incollection
%check: retrieved
%check: type inbookHelander2001

@inproceedings{Wiechetek2019a,
title = {Is this the end? Two-step tokenization of sentence boundaries},
author = "Linda Wiechetek and Sjur Nørstebø Moshagen and Thomas Omma",
year = "2019",
booktitle = {Proceedings of the fifth international workshop on computational linguistics for Uralic languages (IWCLUL 2019), Tartu, Estonia},
url = {https://www.aclweb.org/anthology/W19-0312},
}

@inproceedings{Wiechetek2019b,
title = {{Seeing more than whitespace -- Tokenisation and disambiguation in a North Sámi grammar checker}},
author = "Linda Wiechetek and Kevin {Brubeck Unhammer} and Sjur {Nørstebø Moshagen}",
year = "2019",
booktitle = {Proceedings of the third Workshop on the Use of Computational Methods in the Study of Endangered Languages},
venue = {Honolulu, Hawai’i},
url = {https://www.aclweb.org/anthology/W19-6007},
pages = "46--55",
}


@inproceedings{Bick2015,
   author = {Eckhard Bick},
   title = {{DanProof}: Pedagogical Spell and Grammar Checking for {Danish}},
   editor = {Galia Angelova and Kalina Bontcheva and Ruslan Mitkov},
   address = {Hissar, Bulgaria},
   publisher = {INCOMA Ltd.},
   booktitle = {Proceedings of the 10th International Conference Recent Advances in Natural Language Processing (RANLP 2015)},
   year = {2015},
   pages = {55--62},
}

@inproceedings{Felice2014,
  author    = {Mariano Felice and Zheng Yuan and{ {\O}istein E.} Andersen and  Helen Yannakoudakis and  Ekaterina Kochmar},
  title     = {Grammatical error correction using hybrid systems and type filtering},
  booktitle = {Proceedings of the Eighteenth Conference on Computational Natural
               Language Learning: Shared Task, CoNLL 2014, Baltimore, Maryland, USA,
               June 26-27, 2014},
  pages     = {15--24},
  year      = {2014},
  url       = {http://aclweb.org/anthology/W/W14/W14-1702.pdf},
}


@inproceedings{Napoles2017,
  author    = {{Joel R.} Tetreault and  Keisuke Sakaguchi and Courtney Napoles},
  title     = {{JFLEG:} {A} Fluency Corpus and Benchmark for Grammatical Error Correction},
  booktitle = {Proceedings of the 15th Conference of the European Chapter of the   Association for Computational Linguistics, {EACL} 2017, Valencia, Spain, April 3-7, 2017, Volume 2: Short Papers},
  pages     = {229--234},
  year      = {2017},
  url       = {https://aclanthology.info/papers/E17-2037/e17-2037},
}


@inproceedings{Napoles2016,
  author    = {Courtney Napoles and Keisuke Sakaguchi and {Joel R.} Tetreault},
  title     = {There's No Comparison: Reference-less Evaluation Metrics in Grammatical Error Correction},
  booktitle = {Proceedings of the 2016 Conference on Empirical Methods in Natural Language Processing, {EMNLP} 2016, Austin, Texas, USA, November 1-4, 2016},
  pages     = {2109--2115},
  year      = {2016},
  url       = {http://aclweb.org/anthology/D/D16/D16-1228.pdf},
}

@inproceedings{Antonsen2012b,
author = {Antonsen, Lene},
institution = {University of Tromsø, Norway},
booktitle = {Proceedings of the SLTC 2012 workshop on NLP for CALL; Lund; 25th October; 2012},
number = {80},
pages = {1--10},
publisher = {Linköping University Electronic Press; Linköpings universitet},
title = {Improving feedback on L2 misspellings - an FST approach},
year = {2012},
}

@article{Outakoski2015,
author = {Outakoski, Hanna},
title = {Davvisámegielat čálamáhtu konteaksta [{The} context of {North Sámi} literacy]},
year = {2013},
journal = {Sámi dieđalaš áigečála},
editor = {Jussi Ylikoski, Lene Antonsen, Vuokko Hirvonen, Johan Klemet Kalstad ja Mikael Svonni},
volume = {1/2015},
pages = {29--59},
}


@incollection{Lindgren2016,
author = {Eva Lindgren and {Kirk P H} Sullivan and Hanna Outakoski and Asbjørg Westum},
title = {Researching literacy development in the globalised {North}: studying
    tri-lingual children's English writing in {Finnish, Norwegian and Swedish
        Sápmi}},
year = {2016},
booktitle = {Super Dimensions in Globalisation and Education},
editor = {David R. Cole and Christine Woodrow},
publisher = {Springer},
series  = {Cultural Studies and Transdiciplinarity in Education},
pages = {55--68},
address = {Singapore},
}


@techreport{OrdRet2005,
author = {...},
title = {Rapport om projekt {OrdRet} -- en it-basert stavekontrol},
address = {Stockholm, Sweden},
institution = {Mikro Værkstedet A/S GrammarSoft Aps Dansk Videnscenter for Ordblindhed},
year = {2005},
url = {http://ordret.com/docs/Rapport_OrdRet.pdf  (Accessed 2017-12-21)},
}



@inproceedings{Ahlberg2013,
 title = "Korp and {K}arp – a bestiary of language resources: the research infrastructure of {S}pråkbanken",
 author = "Ahlberg, Malin and Borin, Lars and Forsberg, Markus and Hammarstedt,
 Martin and Olsson, Leif-Jöran and Olsson, Olof and Roxendal, Johan and
   Uppström, Jonatan",
 editors = "Stephan Oepen and Kristin Hagen and {Janne Bondi} Johannessen",
 year = "2013",
 booktitle = "Proceedings of the 19th Nordic Conference of Computational Linguistics (NoDaLiDa 2013)",
 series = "NEALT Proceedings Series",
 volume = "16",
 pages = "429--433",
  }



@unpublished{Antonsen2014,
author = {Lene Antonsen},
title = {Evaluation of an FST-based spellchecker for {North Saami}},
year = {2014},
note = {Presentation at SLTC, Uppsala, 13.11.2014},
}

@inproceedings{Trosterud2004,
author = {Trond Trosterud},
title = {Porting morphological analyses and disambiguation to new languages},
editor = {Julie Carson-Berndsen},
booktitle = {Proceedings  of the 4th International Conference on Language Resources and Evaluation (LREC 2004)},
pages = {90--92},
address = {Paris},
publisher = {European Language Resources Association},
year = {2004},
}

@inproceedings{Moshagen2013,
    author = {Sjur Moshagen and Tommi Pirinen and Trond Trosterud},
    title = {Building an open-source development infrastructure for language technology projects},
    booktitle = {Proceedings of the 19th Nordic Conference of Computational Linguistics (NoDaLiDa 2013)},
    volume = {16},
    series = {NEALT Proceedings Series},
    year = {2013},
    pages = {343--352},
}


@inproceedings{Bick2009,
    author = {Eckhard Bick},
    title = {DeepDict – A Graphical Corpus-based Dictionary of Word Relations},
    booktitle = {Proceedings of the 17th Nordic Conference of Computational Linguistics (NoDaLiDa 2009)},
    year = {2009},
    editor = {Kristiina Jokinen and Eckhard Bick},
    volume = "4",
    pages = {268--271},
    series = {NEALT Proceedings Series},
}


@manual{Didriksen2016,
title = {Constraint Grammar Manual: 3rd version of the {CG} formalism variant},
author = {Tino Didriksen},
url = {http://visl.sdu.dk/cg3/vislcg3.pdf  (Accessed 2017-11-29)},
organization = {GrammarSoft ApS},
address = {Denmark},
year = {2010} ,
}


@misc{sikor01032015,
  title = {{SIKOR} UiT The Arctic University of Norway and the Norwegian Saami
      Parliament’s Saami text collection},
  url = {http://gtweb.uit.no/korp},
  note = {Accessed 2015-03-01},
  year = {2015},
  key = {SIKOR2015},
}

@misc{sikor08122016,
  title = {{SIKOR} {UiT} {The} {Arctic} {University} of {Norway} and the
        {Norwegian} {Saami} {Parliament’s} {Saami} text collection},
  url = {http://gtweb.uit.no/korp},
  note = {Accessed 2016-12-08},
  year = {2016-12-08},
  key = {SIKOR2016},
}


@inproceedings{Didriksen2015,
author = {Bick, Eckhard and Didriksen, Tino},
booktitle = {Proceedings of the 20th Nordic Conference of Computational Linguistics (NoDaLiDa 2015)},
pages = {31--39},
publisher = {Linköping University Electronic Press, Linköpings universitet},
editor = {Beáta Megyesi},
title = {{CG-3} -- Beyond Classical {Constraint Grammar}},
year = {2015},
issn = {1650-3740},
}


@article{Antonsen2015,
author = {Lene Antonsen and Laura Janda},
title = {Oamastanráhkadusat davvisámi girjjálaš\-vuođas [{Possessive} constructions in {North Saami} prose]},
booktitle = {Symposia ávvučála – Nostalgiija, naga ja eará gielalaš ja kultuvrralaš fenomenat},
editor = {Vuokko Hirvonen, Johanna Johansen and Ijäs Marjatta Jomppanen and Kaarina Vuolab-Lohi},
year = {2015},
journal = {Dieđut},
volume = {2/2015},
pages = {9--43},
}


@article{Antonsen2013,
author = {Lene Antonsen},
title = {Čállinmeattáhusaid guorran [{Tracking} misspellings]},
year = {2013},
journal = {Sámi dieđalaš áigečála},
editor = {Jussi Ylikoski, Lene Antonsen, Vuokko Hirvonen, Johan Klemet Kalstad ja Mikael Svonni},
volume = {2/2013},
pages = {7--32},
}

@phdthesis{Wiechetek2017,
author = {Linda Wiechetek},
title = {When grammar can't be trusted -- Valency and semantic categories in North Sámi syntactic analysis and error detection},
year = {2017},
type = {{PhD} Thesis},
school = {UiT The Arctic University of Norway},
}

@phdthesis{Sofkova2003,
author = {Sylvana Sofkova Hashemi},
title = {Automatic Detection of Grammar Errors in Primary School Children’s Texts. A Finite State Approach},
year = {2003},
type = {{PhD} Thesis},
series = {Gothenburg Monographs in Linguistics},
volume = {24},
school = {Department of Linguistics, Göteborg University},
}

@misc{Sagvall2000,
author = {Anna Sågvall Hein},
title = {Scarcheck -- a grammar checker for {Swedish}},
publisher = {Uppsala University. Department of Linguistics},
address = {},
year = {2000},
}

@inproceedings{Pedler2005,
author = {Jennifer Pedler},
title = {Using semantic associations for the detection of real-word spelling errors},
booktitle = {Proceedings from The Corpus Linguistics Conference Series},
volume = {1},
number ={1},
series = {Corpus Linguistics},
year = {2005},
}

@phdthesis{Pedler2007,
author = {Jennifer Pedler},
title = {Computer Correction of Real-word Spelling Errors in Dyslexic Text},
type = {{PhD} Thesis},
address = {Birkbeck},
school = {London University},
year = {2007},
}


@phdthesis{Aranzabe2008,
author = {María Jesús Aranzabe},
title = {Dependentzia-ereduan oinarritutako baliabide sintaktikoak: zuhaitz-bankua eta gramatika konputazionala},
year =  {2008},
school = {Euskal Filologia Saila. Euskal Herriko Unibertsitatea},
type = {{PhD} Thesis},
annote={http://ixa.si.ehu.eus/Ixa/Argitalpenak/Tesiak/1213005648/publikoak/tesi-txostena\_eranskinak},
}


@article{Hagen2001b,
author = {Hagen, Kristin and Pia Lane},
year = {2001},
title = {"Det er fort gjort og skrive feil." En presentasjon av en automatisk grammatikkontroll for bokmål},
editor = {Inger Moen; Hanne Gram Simonsen; Arne Torp and Kjell Ivar Vannebo},
booktitle = {Utvalgte artikler fra Det niende møtet om norsk språk i Oslo 2001},
 keywords = {grammarchecking},
pages = {93--102},
}

@article{Arppe2002,
author = {Arppe, Antti},
year = {2002},
title =  {Ei yhtä ainoaa polkua -- Suomalaisia kokemuksia matkalla kieliteknologisesta tutkimuksesta liiketoimintaan},
booktitle = {Puhe ja kieli},
volume = {22},
number = {1},
pages = {37--44},
 keywords = {grammarchecking, VIRKKU},
}


@inproceedings{Hagen2001a,
author = {Hagen, Kristin, {Janne Bondi} Johannessen and Pia Lane},
year = {2001},
title = {Some problems related to the development of a grammar checker},
editor = {Anna {Sågvall Hein}},
booktitle = {Proceedings of  the 13th Nordic Conference in Computational Linguistics (NoDaLiDa 2001)},
 keywords = {grammarchecking, cut and paste errors, mistaken beliefs about language norms},
 publisher = {Department of Linguistics, Uppsala University},
}

@inproceedings{Kumar2007,
 author = {Kumar, Akshat and Nair, Shivashankar B.},
 title = {An Artificial Immune System Based Approach for {English} Grammar Checking},
 booktitle = {Proceedings of the 6th International Conference on Artificial Immune Systems},
 series = {ICARIS'07},
 year = {2007},
 location = {Santos, Brazil},
 pages = {348--357},
 numpages = {10},
 publisher = {Springer-Verlag},
 address = {Berlin, Heidelberg},
}

@inproceedings{Clement2009,
 author = {Cl{\'e}ment, Lionel and Gerdes, Kim and Marlet, Renaud},
 title = {A Grammar Correction Algorithm: Deep Parsing and Minimal Corrections for a Grammar Checker},
 booktitle = {Proceedings of the 14th International Conference on Formal Grammar},
 series = {FG'09},
 year = {2011},
 isbn = {978-3-642-20168-4},
 location = {Bordeaux, France},
 pages = {47--63},
 numpages = {17},
 url = {http://dl.acm.org/citation.cfm?id=1987004.1987009},
 acmid = {1987009},
 publisher = {Springer-Verlag},
 address = {Berlin, Heidelberg},
}



@article{Shaalan2005,
 author = {Shaalan, Khaled F.},
 title = {Arabic GramCheck: A Grammar Checker for Arabic: Research Articles},
 journal = {Softw. Pract. Exper.},
 issue_date = {June 2005},
 volume = {35},
 number = {7},
 month = jun,
 year = {2005},
 issn = {0038-0644},
 pages = {643--665},
 numpages = {23},
 url = {http://dx.doi.org/10.1002/spe.v35:7},
  publisher = {John Wiley et Sons, Inc.},
 address = {New York, NY, USA},
 keywords = {Arabic natural language processing, common Arabic grammar errors, grammar checkers, grammatical checking},
}


@inproceedings{Paggio2000,
 author = {Paggio, Patrizia},
 title = {Spelling and Grammar Correction for {Danish} in {SCARRIE}},
 booktitle = {Proceedings of the 6th Conference on Applied Natural Language Processing (ANLC 2000)},
 year = {2000},
 location = {Seattle, Washington},
 pages = {255--261},
 numpages = {7},
 url = {http://dx.doi.org/10.3115/974147.974182},
  publisher = {Association for Computational Linguistics},
 address = {Stroudsburg, PA, USA},
 keywoards = {grammarchecking, rule-based, syntactic errors, F-Score, }
}

@inproceedings{Kubon1994,
  author =  {Vladislav Kuboň and Martin Plátek},
  title = {A Grammar Based Approach To A Grammar Checking Of Free Word Order Languages},
  booktitle = {Proceedings of COLING},
  date = {1994},
  pages = {906--910},
  address = {Kyoto, Japan},
  keywords = {grammarchecking, dependencies, constraint relaxation,speed},
  }

@inproceedings{Holan1997,
 author = {Holan, Tom\'{a}\v{s} and Kubo\v{n}, Vladislav and Pl\'{a}tek, Martin},
 title = {A Prototype of a Grammar Checker for {Czech}},
 booktitle = {Proceedings of the 5th Conference on Applied Natural Language Processing (ANLC 1997)},
 year = {1997},
 location = {Washington, DC},
 pages = {147--154},
 numpages = {8},
 url = {http://dx.doi.org/10.3115/974557.974579},
  publisher = {Association for Computational Linguistics},
 address = {Stroudsburg, PA, USA},
 keywords = {grammarchecking},
}

@article{Hagen2001,
author = {Kristin Hagen and Pia Lane and Trond Trosterud},
year = {2001},
title = {En grammatikkontroll for bokmål},
editor = {Kjell Ivar Vannebo and Helge Sandøy},
journal = {Språknytt},
pages = {6--9;47},
volume = {3/2001},
address = {Oslo},
publisher = {Norsk Språkråd},
 keywords = {grammarchecking},
}

@inproceedings{SagvallHein1998,
author = {S{\aa}gvall Hein, Anna},
pages = {68--80},
publisher = {Center for Sprogteknologi, Denmark},
title = {A Chart-Based Framework for Grammar Checking Initial Studies},
booktitle = {Proceedings of 11th Nordic Conference in Computational Linguistics (NoDaLiDa 1998)},
year = {1998},
 keywords = {grammarchecking, ScarCheck},
}


@article{Kukich1992,
 author = {Kukich, Karen},
 title = {Techniques for Automatically Correcting Words in Text},
 journal = {ACM Comput. Surv.},
 issue_date = {Dec. 1992},
 volume = {24},
 number = {4},
 month = dec,
 year = {1992},
 issn = {0360-0300},
 pages = {377--439},
 publisher = {ACM},
 address = {New York, NY, USA},
 keywords = {grammarchecking},
}

@article{AtwellandElliot1987,
 author = {Eric S. Atwell and Stephen Elliott},
 title = {Dealing with ill-formed {English} text},
 year = {1987},
 editor = {R. Garside, G. Leech and G. Sampson},
 booktitle = {The Computational Analysis of {English}: A Corpus-based Approach},
 address = {London},
 publisher = {Longman},
 keywords = {grammarchecking},
}


@mastersthesis{Liin2008,
author = "Krista Liin",
title = "Reeglipõhine komavigade tuvastaja eestikeelsetele tekstidele",
year = "2008",
address = "Tartu",
url = {http://lepo.it.da.ut.ee/$\sim$kaili/juhendamised/kliinmag.pdf (Accessed 2017-11-29)},
keywords = {grammarchecking, comma error detection},
school = "Tartu Ülikool",
}

@inproceedings{Arppe2000,
	author = {Antti Arppe},
	title = {Developing a Grammar Checker for {Swedish}},
	booktitle = {Proceedings of the 12th Nordic Conference of Computational Linguistics (NoDaLiDa 1999)},
   editor = {Nordgård, Torbjørn},
	year = 2000,
   address = {Department of Linguistics, Norwegian University of Science and Technology (NTNU), Trondheim, Norway},
	pages = {13--27},
 keywords = {grammarchecking},
}


@inproceedings{Birn2000,
	author = {Juhani Birn},
	title = {Detecting Grammar Errors with {Lingsoft's Swedish} Grammar Checker},
   editor = {Nordgård, Torbjørn},
	booktitle = {Proceedings of  the 12th Nordic Conference of Computational Linguistics (NoDaLiDa 1999)},
	year = 2000,
   address = {Department of Linguistics, Norwegian University of Science and Technology (NTNU), Trondheim, Norway},
	pages = {28--40},
 keywords = {grammarchecking},
}

@techreport{Birn1999,
author = {Juhani Birn},
title = {A report on the use of the {Swedish} Constraint Grammar framework for the detection of grammar errors},
year =  {February 28, 1999},
}

@misc{callinravagirji03,
	editor = {Kaaren and Vesa Guttorm and Anne Dagmar Biti Mikalsen and Else Turi and Karen Anne Oskal Eira and Kaisa Rautio Helander and Johanna Ijäs and Inger-Marie Oskal},
	title = {\textit{{{\v{C}}}állinrávagirji}},
	howpublished = {Sámedikki giellaossodat/ Sámedikki oahpahusossodat, Guovda\-geaidnu},
	year = 2003,
	url = {http://bit.ly/2yRk15C (Accessed 2017-11-29)},
 keywords = {grammarchecking},
 }

 http://sh.pedit.no/web/NettskoleRessurs.axd?id=d451b20e-fb85-4cc7-b68b-b581b230fba6

 @misc{callinravagirji2015,
	author = {Riektačállinrávvagat},
	title = {Riektačállinrávvagat},
	howpublished = {Sámedikki giellaossodat/Sámedikki oahpahusossodat, Guovdageaidnu},
	year = 2015,
	url = {https://www.sametinget.no/content/download/870/13825 (Accessed 2017-11-3)},
	note = {},
 keywords = {grammarchecking},
 key = {Riektačállinrávvagat}
 }


@book{Beesley2003,
	author = {Kenneth R. Beesley and Lauri Karttunen},
	title = {Finite State Morphology},
  	publisher = {CSLI Publications},
 	 series = {CSLI Studies in Computational Linguistics},
	year = 2003,
         address	= {Stanford},
}


@inproceedings{Trosterud2006,
  address = {Bozen, Italy},
  author = {Trond Trosterud},
  title = {Grammar-based Language Technology for the {S}ámi Languages},
  publisher = {Europäische Akademie},
  booktitle = {Proceedings of the Conference on Lesser Used Languages and Computer Linguistics (LULCL 2005)},
 pages = {133--148},
  year = 2006,
}

@inproceedings{Trosterud2012,
  address = {Gothenburg, Sweden},
  author = {Trond Trosterud and Kevin {Brubeck Unhammer}},
  booktitle = {Proceedings of the Third International Workshop on Free/Open-Source Rule-Based Machine Translation (FreeRBMT 2012)},
  editor = {España-Bonet, Cristina and Ranta, Aarne},
  month = {June},
  pages = {13--26},
  publisher = {Chalmers University of Technology},
  title = {{Evaluating North Sámi to Norwegian assimilation RBMT}},
  year = 2012,
}


  @article{Trosterud2017,
  address = {Oslo},
  author = {Lene Antonsen and Trosterud, Trond},
  title = {Ord sett innafra og utafra – en datalingvistisk analyse av nordsamisk},
  journal = {Norsk Lingvistisk Tidsskrift},
  editor = {Marit Julien},
  pages = {153--185},
  publisher = {Novus forlag},
  volume = {35},
  year = "2017",
}

@inproceedings{Wiechetek2010,
  author = {Wiechetek, Linda and Tyers, Francis M. and Omma, Thomas},
 booktitle = {Proceedings of the 7th International Conference on NLP (IceTAL 2010)},
  editor = {Loftsson, Hrafn and Rögnvaldsson, Eiríkur and Helgadóttir, Sigrún},
  pages = {418--429},
  publisher = {Springer},
  series = {Lecture Notes in Computer Science},
  title = {Shooting at Flies in the Dark: Rule-Based Lexical Selection for a Minority Language Pair},
  volume = 6233,
  address = {Berlin, Heidelberg},
  year = 2010,
}

% Advances in Natural Language Processing. NLP 2010


@inproceedings{Wiechetek2011,
  author = {Wiechetek, Linda and Arriola, Jose Mari},
  booktitle = {Proceedings of the 18th Nordic Conference of Computational Linguistics  (NoDaLiDa 2011) Workshop Constraint Grammar Applications},
  editor = {Bick, Eckhard and Hagen, Kristin and Müürisep, Kaili and Trosterud, Trond},
  pages = {61--69},
  publisher = {Northern European Association for Language Technology},
  series = {NEALT Proceedings Series},
  title = {An Experiment of Use and Reuse of Verb Valency in Morphosyntactic Disambiguation and Machine Translation for {E}uskara and {North Sámi}},
  volume = 14,
  year = 2011,
}

@article{Antonsen2012,
	author = {Antonsen, Lene and Laura Janda and Berit Anne Bals Baal},
	year = {2012},
	title = {Njealji davvisámi adposišuvnna geavahus [{The} use of four {North Saami} adpositions]},
	editor = {Johanna Ijäs},
	journal = {Sámi dieđalaš áigečála},
	volume = {2/2012},
	pages = {7--38},
	address = {Kárášjohka},
}


@InProceedings{Wiechetek2012,
  author = {Linda Wiechetek},
  title = {{Constraint Grammar} based correction of grammatical errors for {North Sámi}},
  booktitle = {Proceedings of the Workshop on Language Technology for Normalisation of Less-Resourced Languages (SALTMIL 8/AFLAT 2012)},
  year = {2012},
  month = {may},
  date = {22},
  address = {Istanbul, Turkey},
  editor = {G. De Pauw and G-M de Schryver and M.L. Forcada and K. Sarasola and F.M. Tyers and P.W. Wagacha},
  publisher = {European Language Resources Association (ELRA)},
  pages = {35--40},
 }

@inProceedings{Borin2012,
	title = "Korp – the corpus infrastructure of Språkbanken",
	booktitle = "Proceedings of the 8th International Conference on Language Resources and Evaluation (LREC 2012)",
	author = "Borin, Lars and Forsberg, Markus and Roxendal, Johan",
	year = "2012",
       editor = {Nicoletta Calzolari and Khalid Choukri and Thierry Declerck and Mehmet Uğur Doğan and Bente Maegaard and Joseph Mariani and Jan Odijk and Stelios Piperidis},
        publisher = {European Language Resources Association (ELRA)},
}

@article{Trosterud2002,
	author = {Trond Trosterud},
	year = {2002},
	title = {Morfologiija Rolla Sámi Giellateknologiijas},
	editor = {Johanna Ijäs},
	journal = {Sámi dieđalaš áigečála},
	volume = {1/2002},
	pages = {90--105},
	address = {Kárášjohka},
}

@incollection{Trosterud2003,
author = {Trond Trosterud},
title = {Morfologi og leksikalsk semantikk},
booktitle = {Språk og språkvitskap. Ei innføring i lingvistikk},
editor = {Patrik Bye and Trond Trosterud and {\O}ystein Vangsnes},
publisher = {Det Norske Samlaget},
year =  {2003},
pages = {49--122},
address = {Oslo},
}


@inproceedings{Antonsen2010,
    author = {Lene Antonsen and Linda Wiechetek and Trond Trosterud},
    year = {2010},
    title = {Reusing Grammatical Resources for New Languages},
    booktitle = {Proceedings of the 7th International Conference on Language Resources and Evaluation (LREC 2010)},
    pages = {2782--2789},
    address = {Stroudsburg},
    publisher = {The Association for Computational Linguistics},
}

@book{Bick2000,
	author = {Eckhard Bick},
	address = {Aarhus},
	publisher = {Aarhus University Press},
	title = {The Parsing System 'Palavras': Automatic Grammatical Analysis of Portuguese in a Constraint Grammar Framework},
year = {2000},
}


@InProceedings{Hulden2012,
  author = {Mans Hulden and Jerid Francom},
  title = {Boosting statistical tagger accuracy with simple rule-based grammars},
  booktitle = {Proceedings of the 8th International Conference on Language Resources and Evaluation (LREC 2012)},
  year = {2012},
  month = {may},
  date = {23-25},
  address = {Istanbul, Turkey},
  editor = {Nicoletta Calzolari and Khalid Choukri and Thierry Declerck and Mehmet Uğur Doğan and Bente Maegaard and Joseph Mariani and Jan Odijk and Stelios Piperidis},
  publisher = {European Language Resources Association (ELRA)},
 }

@Book{Jackendoff1988,
  author =	"R. Jackendoff",
  title =	"Semantics and Cognition",
  publisher =	"The MIT Press",
  year = 	"1988",
  address =	"Cambridge / London",
  editor =	"Samuel Jay Keyser",
}


@book{Jurafsky2008,
  author = {Daniel Jurafsky and James H. Martin},
  edition = {second},
  publisher = {Prentice Hall},
  title = {Speech and Language Processing (Prentice Hall Series in Artificial Intelligence)},
  year = {2008},
}


@book{Nickel2011,
author = {{Klaus Peter} Nickel and Pekka Sammallahti},
title = {Nordsamisk grammatikk},
publisher = {Davvi Girji},
address = {Kárášjohka},
year = {2011},
}


@book{Sammallahti2005,
	author = {Pekka Sammallahti},
	address = {Kárášjohka},
	publisher = {Davvi Girji},
	title = {Láidehus sámegiela cealkkaoahpa dutkamii},
	year = {2005},
}


@incollection{Trosterud2007,
	author = {Trond Trosterud and Linda Wiechetek},
	title = {Disambiguering av homonymi i nord- og lulesamisk},
	address = {Helsinki},
	series = {Suomalais-Ugrilaisen Seuran Toimituksia $=$ M\'emoires de la Soci\'et\'e Finno-Ougrienne},
	booktitle = {Sámit, sánit, sátnehámit. Riepmočála Pekka Sammallahti miessemánu 21. beaivve 2007},
	volume = {253},
	publisher = {Suomalais-Ugrilainen Seura},
	pages = {375--395},
	year = {2007},
	editor = {Jussi Ylikoski and Ante Aikio},
}


@book{Nickel1994,
author = {Klaus Peter Nickel},
title = {Samisk grammatikk},
publisher = {Davvi Girji},
address = {Kárášjohka},
year = {1994},
edition = {second},
}

@book{Ethnologue2018,
  editor    = {Simons, Gary F. and {Charles D.} Fennig},
  title     = {Ethnologue: Languages of the World},
  year      = {2018},
  address = {Dallas, Texas},
  publisher = {SIL International},
  url = {http://www.ethnologue.com (Accessed 2018-10-09)},
  edition = {twenty-first},
  }


@book{Nielsen1926,
author = {Konrad Nielsen},
title = {Lærebok i lappisk. I. Grammatikk},
publisher = {A.W. Brøggers boktrykkeris forlag},
address = {Oslo},
year = {1926-1929},
edition = {second},
note = {Reprinted in 1979},
}

@book{Nielsen1926a,
author = {Konrad Nielsen},
title = {Lappisk (samisk) ordbok. Lapp Dictionary. Vol. I A-F},
publisher = {A.W. Brøggers boktrykkeris forlag},
address = {Oslo},
year = {1932-1960},
edition = {second},
note = {Reprinted in 1979},
}

@book{Nielsen1926b,
author = {Konrad Nielsen},
title = {Lappisk (samisk) ordbok. Lapp Dictionary. Vol. II G-M},
publisher = {A.W. Brøggers boktrykkeris forlag},
address = {Oslo},
year = {1932-1960},
edition = {second},
note = {Reprinted in 1979},
}

@book{Nielsen1926c,
author = {Konrad Nielsen},
title = {Lappisk (samisk) ordbok. Lapp Dictionary. Vol. III N-Æ},
publisher = {A.W. Brøggers boktrykkeris forlag},
address = {Oslo},
year = {1932-1960},
edition = {second},
note = {Reprinted in 1979},
}


@InProceedings{Diaz2008,
author = {Díaz de Ilarraza, Arantza and Koldo Gojenola and Maite Oronoz},
title = {Detecting Erroneous Uses of Complex Postpositions in an Agglutinative Language},
booktitle = {Proceedings of the 22nd International Conference on Computational Linguistics (Coling 2008)},
year =  {2008},
}

@phdthesis{Antonsen2018phd,
author = {Lene Antonsen},
title = {Sámegielaid modelleren -- huksen ja heiveheapmi duohta giellamáilbmái},
year =  {2018},
school = {UiT - Norgga árktalaš universitehta},
type = {{PhD} Thesis},
}


@phdthesis{Oronoz2009,
author = {Maite Oronoz},
title = {Euskarazko errore sintaktikoak detektatzeko eta zuzentzeko baliabideen garapena: datak, postposizio-lokuzioak eta komunztadura},
year =  {2009},
school = {Lengoaia eta Sistema Informatikoak Saila. Donostia. Euskal Herriko Unibertsitatea},
type = {{PhD} Thesis},
annote = {http://ixa.si.ehu.es/Ixa/Argitalpenak/Tesiak/1223539377/publikoak/Maiteren\_tesia\_eta\_aurkezpena.rar},
}


@InProceedings{Diaz2009,
author = {Díaz de Ilarraza, Arantza and Koldo Gojenola and Maite Oronoz},
title = {Evaluating the Impact of Morphosyntactic Ambiguity in Grammatical Error Detection},
booktitle = {Proceedings of the 7th International Conference on NLP (IceTAL 2010)},
series = {Advances in Natural Language Processing},
editor = {Hrafn Loftsson and Eiríkur Rögnvaldsson and Sigrún Helgadóttir},
pages = {155--160},
year =  {2010},
publisher = {Springer},
}

@inproceedings{Oronoz2010,
  author = {Oronoz, Maite and Arantza Díaz de Ilarraza and Gojenola, Koldo},
  booktitle = {Proceedings of the 7th international conference on Advances in natural language processing (IceTAL 2010)},
   title = {Design and Evaluation of an Agreement Error Detection System: Testing the Effect of Ambiguity, Parser and Corpus Type},
  editor = {Loftsson, Hrafn and Rögnvaldsson, Eiríkur and Helgadóttir, Sigrún},
   pages = {281--292},
  publisher = {Springer},
  series = {Lecture Notes in Computer Science},
  volume = 6233,
  year = 2010,
}

@InProceedings{Diaz2002,
author = {Arantza {Diaz de Ilarraza} and Aingeru Mayor and Kepa Sarasola},
title = {Semiautomatic labelling of semantic features},
booktitle = {Proceedings of the 19th International Conference on Computational Linguistics (COLING 2002)},
address = {Taipei, Taiwan},
year = {2002},
annote = {http://ixa.eus/sites/default/files/dokumentuak/3595/coling-049.pdf}
}



@article{Sanchez2011,
  author = {de Ilarraza Sánchez, Arantza Díaz de Ilarraza and Gojenola, Koldo and Oronoz, Maite and Alegria, Iñaki},
  journal = {Natural Language Engineering},
  number = 2,
  pages = {145--161},
  title = {Syntactic error detection and correction in date expressions using finite-state transducers},
  publisher = {Cambridge University Press},
    volume = 17,
  year = 2011,
}


@InProceedings{Oco2011,
 author = {Nathaniel Oco and Allan Borra},
year =  {2011},
title = {A Grammar Checker for Tagalog using LanguageTool},
booktitle =  {Proceedings of the 9th Workshop on Asian Language Resources collocated with IJCNLP 2011. Asian Federation of Natural Language Processing},
pages = {2--9},
}

@InProceedings{Mozgovoy2011,
 author = {Maxim Mozgovoy},
title = {Dependency-Based Rules for Grammar Checking with LanguageTool},
booktitle = {Proceedings of ASIR 2011 -- 1st International Workshop on Advances in Semantic Information},
year =  {2011},
}

@mastersthesis{Naber2003,
 author = {Daniel Naber},
title = {A Rule-Based Style and Grammar Checker},
type = {Diploma Thesis},
school ={University of Bielefeld},
 year =  {2003},
}

@InProceedings{Milkowski2010,
 author = {Marcin Miłkowski},
 title = {Developing an open-source, rule-based proofreading tool},
booktitle = {Software – Practice and Experience},
volume =  {40},
number =  {7},
 pages = {543--566},
 year =  {2010},
}

@book{Hagedahl2000,
 author = {Karl-Henrik Hagdahl},
 title = {The Development and Performance of a Grammar Checker for {Swedish}: A Language Engineering Perspective},
 year =  {2000},
}

@phdthesis{Hagedahl2000,
 author = {Karl-Henrik Hagdahl},
 title = {Checking the Checker Grammatifix. Analysis of the {Swedish} Grammar Checker from a user’s point of view},
 year =  {2000},
 type = {Master's thesis},
 school = {School of Computer Science and Engineering, Royal Institute of Technology},
}

@inproceedings{Johannessen2002,
   author = {{Janne Bondi} Johannessen and Kristin Hagen and Pia Lane},
   title = {The performance of a grammar checker with deviant language input},
   editor = {Shu-Chuan Tseng},
   address = {Taipei, Taiwan},
   booktitle = {Proceedings of the 19th International Conference on Computational Linguistics},
   year = {2002},
   pages = {1223--1227},
}

@incollection{Bick2006,
author = {Eckhard Bick},
title = {A Constraint Grammar Based Spellchecker for {Danish} with a Special Focus on Dyslexics},
booktitle = {A Man of Measure: Festschrift in Honour of Fred Karlsson on his 60th Birthday},
series =  {Special Supplement to SKY Jounal of Linguistics},
volume = {19/2006},
editor = {Mickael Suominen and Antti Arppe and Anu Airola and Orvokki Heinämäki and Matti Miestamo and Urho Määttä and Jussi Niemi and Kari K. Pitkänen and Kaius Sinnemäki},
pages = {387--396},
address = {Turku},
publisher = {The Linguistic Association of Finland},
year = {2006},
}

@inproceedings{Bick2013,
   author = {Eckhard Bick},
   title = {{ML}-Tuned {Constraint Grammars}},
   editor = {Shu-Chuan Tseng},
   address = {Taipei, Taiwan},
   publisher = {Department of English, National Chengchi University},
   booktitle = {Proceedings of the 27th Pacific Asia Conference on Language, Information and Computation},
   year = {2013},
   pages = {440--449},
}

@misc{Bick15,
author = "Eckhard Bick",
title = "{DanProof. List of Comment Tags}",
year = "2015­",
month = "02",
url = {http://beta.visl.sdu.dk/visl/da/tools/comment\_spelling\_da.pdf},
}

@inproceedings{Bick2017,
  author = 	"Bick, Eckhard",
  title = 	"From Treebank to {Propbank}: A Semantic-Role and {VerbNet} Corpus for {Danish}",
  booktitle = "Proceedings of the 21st Nordic Conference on Computational Linguistics (NoDaLiDa 2017)",
  year = 	"2017",
  publisher = 	"Association for Computational Linguistics",
  pages = 	"202--210",
  address = 	"Gothenburg, Sweden",
}


@inproceedings{Bick2017b,
  author = 	"Bick, Eckhard",
  title = 	"{Propbank} Annotation of {Danish} Noun Frames",
  booktitle = "Proceedings of the 12th International Conference on Computational Semantics (IWCS 2017)",
  year = 	"2017",
  publisher = {Association for Computational Linguistics},
}

% url = 	"http://www.aclweb.org/anthology/W17-6902"

@article{Antonsen2009,
author = {Lene Antonsen and Saara Huhmarniemi and Trond Trosterud},
title = {Constraint Grammar in Dialogue Systems},
year = {2009},
}


@article{grundkiewicz2018smtbigru,
  title={Near Human-Level Performance in Grammatical Error Correction with Hybrid Machine Translation},
  author={Grundkiewicz, Roman and Junczys-Dowmunt, Marcin},
  journal={arXiv preprint arXiv:1804.05945},
  year={2018}
}



@inproceedings{Tyers2009,
	author = {Francis M. Tyers, Linda Wiechetek and Trond Trosterud},
	title = {Developing Prototypes for Machine Translation between Two Sami Languages},
	booktitle = {Proceedings of the 13th Annual Conference of the European Association of Machine Translation, EAMT09},
	year = 2009,
}

	@article{milkowski2010languagetool,
  added-at = {2010-09-17T00:00:00.000+0200},
  author = {Milkowski, Marcin},
  biburl = {https://www.bibsonomy.org/bibtex/286a132b59d49d1931cda270e5f1250e5/dblp},
  ee = {http://dx.doi.org/10.1002/spe.971},
  interhash = {eada2c96924a90517530e5347f6724b8},
  intrahash = {86a132b59d49d1931cda270e5f1250e5},
  journal = {Softw., Pract. Exper.},
  keywords = {dblp},
  number = 7,
  pages = {543--566},
  timestamp = {2010-09-18T11:32:06.000+0200},
  title = {Developing an open-source, rule-based proofreading tool.},
  url = {http://dblp.uni-trier.de/db/journals/spe/spe40.html#Milkowski10},
  volume = 40,
  year = 2010
}

@article{kiss2006punkt,
  added-at = {2007-03-21T00:00:00.000+0100},
  author = {Kiss, Tibor and Strunk, Jan},
  biburl = {https://www.bibsonomy.org/bibtex/23cfe0275cfcb3f535060d37f2fd738da/dblp},
  date = {2007-03-21},
  description = {dblp},
  ee = {http://dx.doi.org/10.1162/coli.2006.32.4.485},
  interhash = {65712e483228b64db1646903fc14b0ea},
  intrahash = {3cfe0275cfcb3f535060d37f2fd738da},
  journal = {Computational Linguistics},
  keywords = {dblp},
  number = 4,
  pages = {485-525},
  timestamp = {2007-06-15T08:11:46.000+0200},
  title = {Unsupervised Multilingual Sentence Boundary Detection.},
  url = {http://dblp.uni-trier.de/db/journals/coling/coling32.html#KissS06},
  volume = 32,
  year = 2006
}



@book{Karlsson:1995,
	author = {Fred Karlsson and Atro Voutilainen and Juha Heikkilä and Arto Anttila},
	title = {Constraint Grammar: A Language-Independent System for Parsing Unrestricted Text},
	address = {Berlin},
	publisher = {Mouton de Gruyter},
	year = 1995,
}


@inproceedings{Karlsson:1990,
  address = {Helsinki, Finland},
  author = {Karlsson, Fred},
  booktitle = {Proceedings of the 13th Conference on Computational Linguistics (COLING 1990)},
  editor = {Karlgren, Hans},
  pages = {168--173},
  title = {{Constraint Grammar as a Framework for Parsing Running Text}},
   publisher	= {Association for Computational Linguistics},
  volume = 3,
  year = 1990,
}


@misc{visl08,
	author = {VISL-group},
	title = {Constraint Grammar},
	url = {http://visl.sdu.dk/constraint\_grammar.html (Accessed 2017-12-28)},
	publisher = {Syddansk Universitet},
	year = {1996--2017},
}
@incollection{linden2011hfst,
  added-at = {2012-04-02T17:45:10.000+0200},
  author = {Lind{\'{e}}n, Krister and Silfverberg, Miikka and Axelson, Erik and Hardwick, Sam and Pirinen, Tommi},
  biburl = {https://www.bibsonomy.org/bibtex/22b399282cc336d00831633246869e463/unhammer},
  booktitle = {Systems and Frameworks for Computational Morphology},
  editor = {Mahlow, Cerstin and Pietrowski, Michael},
  interhash = {184ea7ac34e943b5a4120d3b43c48d2f},
  intrahash = {2b399282cc336d00831633246869e463},
  isbn = {978-3-642-23137-7},
  keywords = {FST HFST MT apertium},
  pages = {67--85},
  series = {Communications in Computer and Information Science},
  timestamp = {2012-04-02T17:45:11.000+0200},
  title = {HFST—Framework for Compiling and Applying Morphologies},
  publisher = {Springer-Verlag},
  address = {Berlin, Heidelberg},
  volume = {100},
  year = 2011,
}



@Proceedings{Linden2009,
    author =        {Krister Lind{\'{e}}n and Miikka Silfverberg and Tommi Pirinen},
    title =         {HFST Tools for Morphology -- An Efficient Open-Source Package for Construction of Morphological Analyzers},
    booktitle =     {Proceedings of the Workshop on Systems and Frameworks for Computational Morphology},
    address =       {Zürich, Switzerland},
    year =          2009,
}


@InProceedings{Bick07a,
author = "Eckhard Bick and Lars Nygaard",
title = "{Using {Danish} as a {CG} Interlingua. A Wide-Coverage {Norwegian-English} Machine Translation System}",
editor = "Bente Maegaard",
booktitle = "Proceedings of the 16th Nordic Conference of Computational Linguistics (NoDaLiDa 2007)",
address = "Tartu, Estonia",
year = "2007",
}

@misc{Bick07,
author = "Eckhard Bick",
title = "{Semantic roles for automatic corpus annotation}",
year = "2007",
month = "August",
url = {beta.visl.sdu.dk/$\sim$eckhard/pdf/semantic\_roles\_manual.pdf (Accessed 2017-11-16)},
}

@inproceedings{Bick07c,
author = "Eckhard Bick and Jens {Ahlmann Hansen}",
title = "{The Fyntour Multilingual Weather and Sea Dialogue system -- Description and Assessment}",
booktitle = "Proceedings of {DECALOG} (SEMDIAL07)",
address = "Trento, Italy",
volume = "18",
year = "2007",
editor = "Ron Artstein and Laure Vieu",
pages = "157--158",
}

@InProceedings{Bick07d,
author = "Eckhard Bick",
title = "{Dan2eng: Wide-Coverage {Danish-English} Machine Translation}",
editor = "Bente Maegaard",
booktitle = "Proceedings of 11th Machine Translation Summit (MT Summit XI)",
year = "2007",
address = {Copenhagen, Denmark},
pages = "37--43",
}

@inproceedings{Bick2007e,
author = "Eckhard Bick",
address = "Rio de Janeiro",
publisher = "",
title = "Automatic Semantic Role Annotation for {Portuguese}",
booktitle = "Proceedings of the 5th Workshop on Information and Human Language Technology (TIL 2007) / Anais do XXVII Congresso da SBC",
year = "2007",
pages = "1713--1716",
}

@unpublished{Bick2008,
author = "Eckhard Bick",
title = "{Dan2eng: {Danish} Machine Translation}",
year = "2008",
note = "Powerpoint presentation",
address = "Tartu, Estonia",
url = {cst.ku.dk/upload/application/pdf/f51d6748/mt\_dan2eng\_sprogtekforum2008.pdf},
}


@book{Bick00,
author = "Eckhard Bick",
address = "Aarhus",
publisher = "Aarhus University Press",
title = "The Parsing System 'Palavras': Automatic Grammatical Analysis of Portuguese in a Constraint Grammar Framework",
year = "2000",
}


@inproceedings{Bick05,
author = "Eckhard Bick",
title = "Turning {Constraint Grammar} Data into Running Dependency Treebanks",
booktitle  = "Proceedings of {TLT}",
year = "2005",
}

@inproceedings{Bick06b,
author = "Eckhard Bick",
title = "Noun Sense Tagging: Semantic Prototype Annotation of a {Portuguese} Treebank",
booktitle = "Proceedings of the 5th Workshop on Treebanks and Linguistic Theories",
year = "2006",
editor = "Jan Hajic and Joakim Nivre",
address = "Prague",
pages = "127--138",
}

@unpublished{Bick07f,
author = "Eckhard Bick",
address = "",
publisher = "",
title = "Dependency-based Assignment of Thematic Roles",
year = "2007",
note = "Presented at the CG-Workshop at NoDaLiDa 2007",
}


@misc{Bick2009May,
  author    = {Eckhard Bick},
  title     = {Semantic prototype tags for nouns},
  year      = {2009},
  address = {},
  publisher = {},
  url = {http://visl.sdu.dk/semantic\_prototypes\_overview.pdf (Accessed 2017-11-28)},
  }


@inproceedings{Bick2009b,
author = "Eckhard Bick and Valverde, Pilar",
address = "Tartu",
publisher = "Tartu University Library",
title = "Automatic Semantic Role Annotation for {Spanish}",
booktitle = "Proceedings of the 17th Nordic Conference of Computational Linguistics (NoDaLiDa 2009)",
year = "2009",
pages = "215--218",
series = "NEALT Proceedings Series",
volume = "4",
}

@inproceedings{Bick2010,
author = "Bick, Eckhard",
address = "Porto Alegre, Brazil",
title = "A Dependency-based Approach to Anaphora Annotation",
booktitle = "Extended Activities Proceedings of the 9th International Conference on Computational Processing of the Portuguese Language Apr. 27-30",
year = "2010",
url = {http://visl.sdu.dk/$\sim$eckhard/pdf/PROPOR2010\_anaphora.pdf (Accessed 2017-11-29)},
}

@inproceedings{Bick2011,
author = "Eckhard Bick",
address = "Tartu",
publisher = "Tartu University Library",
title = "A {FrameNet} for {Danish}",
booktitle = "Proceedings of the 18th Nordic Conference of Computational Linguistics  (NoDaLiDa 2011)",
year = "2011",
pages = "34--41",
series = "NEALT Proceedings Series"
}

@inproceedings{Bick2012,
author = "Eckhard Bick",
address = "",
publisher = "Faculty of Computer Science, Universitas Indonesia",
title = "Towards a Semantic Annotation of {English} Television News -- Building and Evaluating a {Constraint Grammar FrameNet}",
booktitle = "Proceedings of the 26th Pacific Asia Conference on Language, Information and Computation",
year = "2012",
pages = "60--69",
}

@inproceedings{Bick2001,
author = "Eckhard Bick",
address = "Århus",
publisher = "Århus University",
title = "En Constraint Grammar Parser for Dansk",
booktitle = "8. Møde om Udforskningen af Dansk Sprog (MUDS 2001)",
editor = "Peter Widell and Mette Kunøe",
year = "2001",
pages = "40--50",
}


@inproceedings{Tapanainen1994,
author = "P. Tapanainen and A. Voutilainen",
title = "Tagging accurately: Don't guess if you know",
booktitle = "Proceedings of the 4th conference on Applied natural language processing",
pages = "47--52",
year = "1994",
}

@proceedings{conf/nodalida/2015,
  added-at = {2016-09-22T00:00:00.000+0200},
  biburl = {https://www.bibsonomy.org/bibtex/22232a2f60bf4a2e51d7f1260a985bc41/dblp},
  booktitle = {NODALIDA},
  editor = {Megyesi, Beáta},
  interhash = {be106add3fae1f3c523f713f79ec6024},
  intrahash = {2232a2f60bf4a2e51d7f1260a985bc41},
  isbn = {978-91-7519-098-3},
  keywords = {dblp},
  publisher = {Linköping University Electronic Press / ACL},
  timestamp = {2016-09-23T11:34:54.000+0200},
  title = {Proceedings of the 20th Nordic Conference of Computational Linguistics, NODALIDA 2015, May 11-13, 2015, Institute of the Lithuanian Language, Vilnius, Lithuania},
  url = {http://dblp.uni-trier.de/db/conf/nodalida/nodalida2015.html},
  year = 2015
}


@inproceedings{Hardwick2015,
  author    = {Sam Hardwick and
               Miikka Silfverberg and
               Krister Lind{\'{e}}n},
  title     = {Extracting Semantic Frames using hfst-pmatch},
  booktitle = {Proceedings of the 20th Nordic Conference of Computational Linguistics,  (NoDaLiDa 2015)},
  pages     = {305--308},
  year      = {2015},
  url       = {http://aclweb.org/anthology/W/W15/W15-1842.pdf},
}

@inproceedings{Karttunen2011,
  author    = {Lauri Karttunen},
  title     = {Beyond Morphology: Pattern Matching with {FST}},
  booktitle = {{SFCM}},
  series    = {Communications in Computer and Information Science},
  volume    = {100},
  pages     = {1--13},
  publisher = {Springer},
  year      = {2011}
}

@InProceedings{GaupEtAl2005,
author="Gaup, B{\o}rre
and Moshagen, Sjur
and Omma, Thomas
and Palismaa, Maaren
and Pieski, Tomi
and Trosterud, Trond",
editor="Yli-Jyr{\"a}, Anssi
and Karttunen, Lauri
and Karhum{\"a}ki, Juhani",
title="From {Xerox} to {Aspell}: A First Prototype of a North S{\'a}mi Speller Based on TWOL Technology",
booktitle="Finite-State Methods and Natural Language Processing",
year="2006",
publisher="Springer Berlin Heidelberg",
address="Berlin, Heidelberg",
pages="306--307",
abstract="Our demo presents work from a joint project with a twofold goal: To build a parser and disambiguator for North and Lule S{\'a}mi, and to make a practical spell-checker for the same languages. The core analyser is written with the Xerox tools twolc, lexc and fst ([1]), and the disambiguator uses constraint grammar (vislcg). Cf. [2] for a presentation.",
isbn="978-3-540-35469-7"
}

@inproceedings{Moshagen2013BuildingAO,
  title={Building an open-source development infrastructure for language technology projects},
  author={Sjur N. Moshagen and Tommi A. Pirinen and Trond Trosterud},
  booktitle={NODALIDA},
  year={2013}
}

@inproceedings{manning2011part,
  title={Part-of-speech tagging from 97\% to 100\%: is it time for some linguistics?},
  author={Manning, Christopher D},
  booktitle={International conference on intelligent text processing and computational linguistics},
  pages={171--189},
  year={2011},
  organization={Springer}
}

@inproceedings{Manning2011,
 author = {Manning, Christopher D.},
 title = {Part-of-speech Tagging from 97% to 100%: Is It Time for Some Linguistics?},
 booktitle = {Proceedings of the 12th International Conference on Computational Linguistics and Intelligent Text Processing - Volume Part I},
 series = {CICLing'11},
 year = {2011},
 isbn = {978-3-642-19399-6},
 location = {Tokyo, Japan},
 pages = {171--189},
 numpages = {19},
 url = {http://dl.acm.org/citation.cfm?id=1964799.1964816},
 acmid = {1964816},
 publisher = {Springer-Verlag},
 address = {Berlin, Heidelberg},
}

@inproceedings{Bick2007Dan2Eng,
title = "Dan2eng: Wide-Coverage Danish-English Machine Translation",
author = "Eckhard Bick",
year = "2007",
language = "English",
pages = "37--43",
editor = "Bente Maegaard",
booktitle = "Proceedings of Machine Translation Summit XI, 10-14. Sept. 2007, Copenhagen, Denmark",
}


@inproceedings{Pirinen2014,
 author = {Pirinen, Tommi A. and Lind{\'e}n, Krister},
 title = {State-of-the-Art in Weighted Finite-State Spell-Checking},
 booktitle = {Proceedings of the 15th International Conference on Computational Linguistics and Intelligent Text Processing - Volume 8404},
 series = {CICLing 2014},
 year = {2014},
 location = {Kathmandu, Nepal},
 pages = {519--532},
 numpages = {14},
 publisher = {Springer-Verlag},
 address = {Berlin, Heidelberg},
 keywords = {error models, spell-checking, weighted finite-state technology},
}


@book{Aho:72,
    author  = {Alfred V. Aho and Jeffrey D. Ullman},
    title   = {The Theory of Parsing, Translation and Compiling},
    year    = "1972",
    volume  = "1",
    publisher = {Prentice-Hall},
    address = {Englewood Cliffs, NJ}
}

@book{APA:83,
    author  = {{American Psychological Association}},
    title   = {Publications Manual},
    year    = "1983",
   publisher = {American Psychological Association},
   address = {Washington, DC}
}

@article{Chandra:81,
	author = {Ashok K. Chandra and Dexter C. Kozen and Larry J. Stockmeyer},
	year = "1981",
	title = {Alternation},
	journal = {Journal of the Association for Computing Machinery},
	volume = "28",
	number = "1",
	pages = "114--133",
	doi = "10.1145/322234.322243",
}



@book{Gusfield:97,
    author  = {Dan Gusfield},
    title   = {Algorithms on Strings, Trees and Sequences},
    year    = "1997",
    publisher = {Cambridge University Press},
    address = {Cambridge, UK}
}

@article{rasooli-tetrault-2015,
    author    = {Mohammad Sadegh Rasooli and Joel R. Tetreault},
    title     = {Yara Parser: {A} Fast and Accurate Dependency Parser},
    journal   = {Computing Research Repository},
    volume    = {arXiv:1503.06733},
    year      = {2015},
    url       = {http://arxiv.org/abs/1503.06733},
    note    = {version 2}
}

@inproceedings{borsch2011,
	title={A particle filter algorithm for {B}ayesian wordsegmentation},
	author={Borschinger, Benjamin and Johnson, Mark and others},
	booktitle = {Proceedings of the Australasian Language Technology Association Workshop 2011},
	year={2011},
	address = {Canberra, Australia},
	pages = {10--18},
}


@article{ACM:83,
	author = {Association for Computing Machinery},
	year = "1983",
	journal = {Computing Reviews},
	volume = "24",
	number = "11",
	pages = "503--512",
}


@inproceedings{Wiechetek2019,
  title={Many shades of grammar checking -- Launching a Constraint Grammar tool for North Sámi},
  booktitle ={Proceedings of the NoDaLiDa 2019 Workshop on Constraint Grammar - Methods, Tools and Applications},
 series={NEALT Proceedings Series 33:8},
  author={Linda Wiechetek and Sjur N{\o}rsteb{\o} Moshagen and Børre Gaup and Thomas Omma},
  year={2019},
  pages = {35--44},
}

@misc{sikor_06.11.2018,
  author = "SIKOR",
  title = {{SIKOR} UiT Norgga árktalaš universitehta ja Norgga Sámedikki sámi
      teakstačoakkáldat, Veršuvdna 06.11.2018},
  url = {http://gtweb.uit.no/korp},
  year = 2018,
  note = {Accessed: 2018-11-06}
}



@phdthesis{Antonsen18,
	Address = {Troms{\o}},
	Author = {Lene Antonsen},
	Date-Modified = {2020-01-04 15:55:28 +0200},
	Keywords = {FST, CG, TWOL, spell checker,ICALL},
	School = {UiT The Arctic University of Norway},
    Title = {S{\'a}megielaid modelleren -- huksen ja heiveheapmi duohta
        giellam{\'a}ilbm{\'a}i. [{M}odeling {S}aami languages. {C}onstruction
          and adaptation to real-world linguistic issues]},
	Url = {https://hdl.handle.net/10037/12884},
	Year = {2018},
	Bdsk-Url-1 = {https://hdl.handle.net/10037/12884}
}
    

@inproceedings{Johnson2013,
  title = {Using finite state transducers for making efficient reading comprehension dictionaries.},
  booktitle = {Proceedings of the 19th Nordic Conference of Computational Linguistics (NoDaLiDa 2013)},
  series = {Proceedings Series 16: 59–71},
  author = {Ryan Johnson , Lene Antonsen, Trond Trosterud},
  year = {2013},
}

@inproceedings{Deksne2019,
    author    = {Daiga Deksne},
    title     = {Bidirectional LSTM Tagger for Latvian Grammatical Error Detection},
    booktitle = {Ekštein K. (eds) Text, Speech, and Dialogue. TSD 2019. Lecture Notes in Computer Science, vol 11697. Springer},
    year      = {2019},
    url       = {https://doi.org/10.1007/978-3-030-27947-9_5},
}

@inproceedings{Rozovskaya2019,
    author    = {Alla Rozovskaya and Dan Roth},
    title     = {Grammar Error Correction in Morphologically Rich Languages: The Case of Russian},
    booktitle = {Transactions of the Association for Computational Linguistics, vol. 7, pp. 1–17, 2019},
    year      = {2019},
    url       = {https://www.aclweb.org/anthology/Q19-1001.pdf},
}

@article{Madi2020,
	author = {Nora Madi and Hend Al-Khalifa},
  title  = {Error Detection for Arabic Text Using Neural Sequence Labeling},
	year = {2020},
	journal = {Appl. Sci. 2020, 10(15), 5279},
  url = {https://doi.org/10.3390/app10155279},
}

@misc{comrie2015leipzig,
  title = {The {L}eipzig Glossing Rules: Conventions for interlinear morpheme-by-morpheme glosses},
  author = {Comrie, Bernard and Haspelmath, Martin and Bickel, Balthasar},
  url = {https://www.eva.mpg.de/lingua/pdf/Glossing-Rules.pdf},
  year = {2015}
}
