@Book{Aho:72,
    author	= {Aho, Alfred~V.  and Ullman, Jeffrey~D.},
    year	= 1972,
    title	= {{The Theory of Parsing, Translation and Compiling}},
    address	= {Englewood Cliffs, NJ},
    publisher   = {Prentice-Hall},  
    note        = {Volume~1}
}
@Manual{APA:83,
    author	= {American Psychological Association},
    year	= 1983,
    title	= {{Publications Manual}},
    address	= {Washington, DC}, 
    publisher   = {American Psychological Association}
}
@Article{ACM:83,
    author	= {Association for Computing Machinery},
    year	= 1983,
    title	= {{Computing Reviews}},
    volume	= 24,
    number	= 11,
    pages	= {503--512}
}
@InCollection{Chandra:81,
    author	= {Chandra, Ashok~K.  and Kozen, Dexter~C. and Stockmeyer, Larry~J. },
    year	= 1981,
    title	= {Alternation},
    volume	= 28,
    number	= 1,
    pages	= {114--133},
    booktitle	= {Journal of the Association for Computing Machinery}
}
@Book{Gusfield:97,
    author	= {Dan Gusfield},
    year	= 1997,
    title	= {{Algorithms on Strings, Trees and Sequences}},
    address	= {Cambridge, UK},
    publisher   = {Cambridge University Press}
}

% this is all google scholars:

@inproceedings{levenshtein1966binary,
  title={Binary codes capable of correcting deletions, insertions, and reversals},
  author={Levenshtein, Vladimir I},
  booktitle={Soviet physics doklady},
  volume={10},
  number={8},
  pages={707--710},
  year={1966}
}

@article{forcada2011apertium,
  title={Apertium: a free/open-source platform for rule-based machine translation},
  author={Forcada, Mikel L and Ginest{\'\i}-Rosell, Mireia and Nordfalk, Jacob and O’Regan, Jim and Ortiz-Rojas, Sergio and P{\'e}rez-Ortiz, Juan Antonio and S{\'a}nchez-Mart{\'\i}nez, Felipe and Ram{\'\i}rez-S{\'a}nchez, Gema and Tyers, Francis M},
  journal={Machine translation},
  volume={25},
  number={2},
  pages={127--144},
  year={2011},
  publisher={Springer}
}

@inproceedings{linden2009hfst,
  title={HFST tools for morphology--an efficient open-source package for construction of morphological analyzers},
  author={Lind{\'e}n, Krister and Silfverberg, Miikka and Pirinen, Tommi},
  booktitle={International Workshop on Systems and Frameworks for Computational Morphology},
  pages={28--47},
  year={2009},
  organization={Springer}
}

@phdthesis{koskenniemi1983two,
  title={Two-level morphology---A General Computational Model for Word-Form Recognition and Production},
  school={Department of General Linguistics. University of Helsinki, Finland},
  author={Koskenniemi, Kimmo},
  year={1983}
}

@inproceedings{pirinen2015omorfi,
  title={Omorfi—Free and open source morphological lexical database for Finnish},
  author={Pirinen, Tommi A},
  booktitle={Proceedings of the 20th Nordic Conference of Computational Linguistics, NODALIDA 2015, May 11-13, 2015, Vilnius, Lithuania},
  number={109},
  pages={313--315},
  year={2015},
  organization={Link{\"o}ping University Electronic Press}
}

@article{pirinen2015development,
  title={Development and Use of Computational Morphology of Finnish in the Open Source and Open Science Era: Notes on Experiences with Omorfi Development},
  author={Pirinen, Tommi A},
  journal={SKY Journal of Linguistics},
  volume={28},
  pages={381--393},
  year={2015}
}

@inproceedings{moshagen2013building,
  title={Building an open-source development infrastructure for language technology projects},
  author={Moshagen, Sjur N and Pirinen, Tommi A and Trosterud, Trond},
  booktitle={Proceedings of the 19th Nordic Conference of Computational Linguistics (NODALIDA 2013); May 22-24; 2013; Oslo University; Norway. NEALT Proceedings Series 16},
  number={085},
  pages={343--352},
  year={2013},
  organization={Link{\"o}ping University Electronic Press}
}

@book{karlsson1995constraint,
  title={Constraint Grammar: a language-independent system for parsing unrestricted text},
  author={Karlsson, Fred and Voutilainen, Atro and Heikkilae, Juha and Anttila, Arto},
  volume={4},
  year={1995},
  publisher={Walter de Gruyter}
}

@article{salimzyanov2013free,
  title={A free/open-source Kazakh-Tatar machine translation system},
  author={Salimzyanov, Ilnar and Washington, J and Tyers, F},
  journal={Machine Translation Summit XIV},
  year={2013}
}

% Uralic MT


@article{smesma,
	Author = {Lene Antonsen and Trond Trosterud and Francis Tyers},
    Title = {A {N}orth {S}aami to {S}outh {S}aami Machine Translation Prototype},
	Year = {2016},
    booktitle = {NEJLT Special Issue on Uralic Languages},
    pages = {11---27},
    volume = {4},
    doi = {	10.3384/nejlt.2000-1533.1642},
    publisher = {Linköping University Press},
}


@inproceedings{tyers09,
	Author = {Francis Tyers and Linda Wiechetek and Trond Trosterud},
	Booktitle = {Proceedings of the 13th Annual Conference of the European Association for Machine Translation, EAMT09},
	Pages = {120--128},
	Title = {{Developing prototypes for machine translation between two S{\'a}mi languages}},
	year = 2009}


@inproceedings{trosterud12,
	Author = {Trond Trosterud and Kevin Brubeck Unhammer},
	Booktitle = {Proceedings of the Third International Workshop on Free/Open-Source Rule-Based Machine Translation (FreeRBMT 2012)},
	Pages = {13--26},
	Series = {Technical report},
	Volume = {3},
	Title = {{Evaluating North S{\'a}mi to Norwegian assimilation RBMT}},
	Publisher = {Department of Computer Science and Engineering, Chalmers University of Technology and University of Gothenburg},
	year = 2013}
    
    
@article{Trosterud07,
        author = {Trond Trosterud and Linda Wiechetek},
        title = {Disambiguering av homonymi i {Nord- og Lulesamisk}},
	address = {Helsinki},
        journal = {Suomalais-Ugrilaisen Seuran Toimituksia $=$ M\'emoires de la Soci\'et\'e Fi\
nno-Ougrienne.  Sámit, sánit, sátnehámit. Riepmočála Pekka Sammallahtii miessemánu 21. beaivve\
 2007},
        volume = {253},
        pages = {375--395},
        year = 2007
}    

@unpublished{AntonsenTrosterudFST,
        Author = {Lene Antonsen and Trond Trosterud},
        Title = {Ord sett innafra og utafra – en datalingvistisk analyse av nordsamisk},
    note = {Norsk Lingvistisk Tidsskrift},
    year = {forthcoming}
}

@article{wiechetek10,
	Author = {Linda Wiechetek and Francis Tyers and Thomas Omma},
	Journal = {Lecture Notes in Artificial Intelligence},
	Pages = {418--429},
	Title = {{Shooting at flies in the dark: Rule-based lexical selection for a minority language pair}},
	Volume = 6233,
	year = 2010}


@inproceedings{karlsson1990constraint,
  title={Constraint grammar as a framework for parsing running text},
  author={Karlsson, Fred},
  booktitle={Proceedings of the 13th conference on Computational linguistics-Volume 3},
  pages={168--173},
  year={1990},
  organization={Association for Computational Linguistics}
}

@inproceedings{callison2006re,
  title={Re-evaluation the Role of Bleu in Machine Translation Research.},
  author={Callison-Burch, Chris and Osborne, Miles and Koehn, Philipp},
  booktitle={EACL},
  volume={6},
  pages={249--256},
  year={2006}
}

@article{smith2016climbing,
  title={Climbing Mount BLEU: The Strange World of Reachable High-BLEU Translations},
  author={Smith, Aaron and Hardmeier, Christian and Tiedemann, J{\"o}rg},
  journal={Baltic Journal of Modern Computing},
  volume={4},
  number={2},
  pages={269},
  year={2016},
  publisher={University of Latvia}
}

@Article{smith2014bleu,
  title={Bleu is not the colour: How optimising bleu reduces translation quality},
  author={Smith, Aaron and Hardmeier, Christian and Tiedemann, J{\"o}rg},
  year={2014}
}